@article{Quevillon2015,
author = {Quevillon, Lauren E. and Hanks, Ephraim M. and Bansal, Shweta and Hughes, David P.},
doi = {10.1038/srep13393},
file = {:Users/mlbartley/Documents/Mendeley Desktop/Quevillon et al. - 2015.pdf:pdf},
issn = {2045-2322},
journal = {Sci. Rep.},
pages = {13393},
publisher = {Nature Publishing Group},
title = {{Social, spatial, and temporal organization in a complex insect society}},
url = {http://www.nature.com/doifinder/10.1038/srep13393},
volume = {5},
year = {2015}
}

@article{Bartley,
author = {Bartley, Meridith L. and Hanks, Ephraim M. and Hughes, David P.},
title = {{Penalizing stochastic process models, with application to colony-level behavioral switching}},
year = {In prep.}
}
