Automatically generated by Mendeley Desktop 1.17.9
Any changes to this file will be lost if it is regenerated by Mendeley.

BibTeX export options can be customized via Preferences -> BibTeX in Mendeley Desktop

@article{Bartley2009,
author = {Bartley, Meridith and Advisors, Honors and Meier, Albert J and Meier, Ouida},
journal = {Science (80-. ).},
pages = {1--29},
title = {{WHERE DO THEY GO WHEN THEY DIE ?}},
year = {2009}
}
@article{Form,
author = {Form, Applicati O N},
title = {{APPLICATI ON FORM}}
}
