@article{Awduche1997,
    title = {{J. McManus,{\&}quot; Requirements for Traffic Engineering Over MPLS}},
    year = {1997},
    journal = {RFC 2702, September 1999},
    author = {Awduche, D and Malcolm, J and Agogbua, J and {MO{\&}{\#}39;Dell}},
    pages = {969--975},
    url = {http://scholar.google.com/scholar?hl=en&btnG=Search&q=intitle:J+*#1}
}

@article{Sukenik1991,
    title = {{Biochemical quality of marine unicellular algae with special emphasis on lipid composition. I. Isochrysis galbana}},
    year = {1991},
    journal = {Aquaculture},
    author = {Sukenik, A and Wahnon, R},
    pages = {313--326},
    volume = {117},
    url = {http://linkinghub.elsevier.com/retrieve/pii/004484869190279G}
}

@article{Huesemann2010,
    title = {{Preparation of f / 2 Medium for Nannochloropsis salina CCMP 1776 f / 2 Trace Metal Solution Make final volume up to 1 . 0 L with dH 2 O . Store primary stock solutions in freezer . Store completed vitamin solution in the refrigerator or freeze small aliqu}},
    year = {2010},
    journal = {Nano},
    author = {Huesemann, Michael},
    pages = {1--10}
}

@article{Sandnes2005,
    title = {{Combined influence of light and temperature on growth rates of Nannochloropsis oceanica: linking cellular responses to large-scale biomass production}},
    year = {2005},
    journal = {Journal of Applied Phycology},
    author = {Sandnes, J. M. and K{\"{a}}llqvist, T. and Wenner, D. and Gisler{\o}d, H R.},
    number = {6},
    month = {12},
    pages = {515--525},
    volume = {17},
    url = {http://www.springerlink.com/index/10.1007/s10811-005-9002-x},
    doi = {10.1007/s10811-005-9002-x},
    issn = {0921-8971},
    keywords = {algae, artificial lighting, biomass, greenhouses, microalgae, photobioreactor}
}

@article{Sheehan1998,
    title = {{A look back at the US Department of Energy{\&}{\#}39;s Aquatic Species Program: Biodiesel from algae}},
    year = {1998},
    journal = {Renewable Energy},
    author = {Sheehan, John},
    url = {http://www.biodiesel.pl/uploads/media/A_Look_Back_at_the_U.S._Department_of_Energy_s_Aquatic_Species_Program_Biodiesel_from_Algae_July_1998.pdf}
}

@article{Renaud1994,
    title = {{Microalgae for use in tropical aquaculture II: Effect of salinity on growth, gross chemical composition and fatty acid composition of three species of marine microalgae}},
    year = {1994},
    journal = {Journal of Applied Phycology},
    author = {Renaud, S. M. and Parry, D. L.},
    number = {3},
    month = {6},
    pages = {347--356},
    volume = {6},
    url = {http://www.springerlink.com/index/10.1007/BF02181949},
    doi = {10.1007/BF02181949},
    issn = {0921-8971},
    keywords = {chemical composition, fatty acid composition, microalgae, salinity, tropical aquaculture}
}

@article{Mata2010,
    title = {{Microalgae for biodiesel production and other applications: A review}},
    year = {2010},
    journal = {Renewable and Sustainable Energy Reviews},
    author = {Mata, Teresa M. and Martins, António a. and Caetano, Nidia. S.},
    number = {1},
    month = {1},
    pages = {217--232},
    volume = {14},
    url = {http://linkinghub.elsevier.com/retrieve/pii/S1364032109001646},
    doi = {10.1016/j.rser.2009.07.020},
    issn = {13640321}
}

@article{Title1999,
    title = {{Writing a Scientific Research Proposal A research proposal has three main points : 1 ) Explanation of proposed research ( what will be done ) 2 ) Methods and techniques to be employed ( how it will be done ) 3 ) Novelty and / or importance of the study ( }},
    year = {1999},
    journal = {Education},
    author = {Title, I and Review, Literature}
}

@article{Olofsson2009,
    title = {{Lipid droplets as dynamic organelles connecting storage and efflux of lipids.}},
    year = {2009},
    journal = {Biochimica et biophysica acta},
    author = {Olofsson, Sven-Olof and Bostr{\"{o}}m, Pontus and Andersson, Linda and Rutberg, Mikael and Perman, Jeanna and Bor{\'{e}}n, Jan},
    number = {6},
    month = {6},
    pages = {448--58},
    volume = {1791},
    publisher = {Elsevier B.V.},
    url = {http://www.ncbi.nlm.nih.gov/pubmed/18775796},
    doi = {10.1016/j.bbalip.2008.08.001},
    issn = {0006-3002},
    pmid = {18775796},
    keywords = {Acyltransferases, Acyltransferases: metabolism, Animals, Atherosclerosis, Atherosclerosis: metabolism, Chylomicrons, Chylomicrons: metabolism, Diabetes Mellitus, Type 2, Diabetes Mellitus, Type 2: metabolism, Glycolipids, Glycolipids: metabolism, Glycoproteins, Glycoproteins: metabolism, Humans, Insulin Resistance, Lipoproteins, VLDL, Lipoproteins, VLDL: metabolism, Membrane Fusion, Microsomes, Microsomes: metabolism, Organelle Size, Organelles, Organelles: metabolism, Organelles: secretion, Protein Transport, Triglycerides, Triglycerides: metabolism, Triglycerides: secretion}
}

@article{Al1987,
    title = {{T O T A L LIPID PRODUCTION O F THE GREEN ALGA LYAi {\textbackslash}' iYOCHLOROPSIS UNDER DIFFERENT NITROGEN REGIMES ' and Cox 1981 , Wolf 1983 ). No one has yet eluci- promotes the production of lipids in microalgae . Moreover , it has not been determined whether the en}},
    year = {1987},
    journal = {Production},
    author = {Al, Y U Suen E T},
    pages = {289--296},
    volume = {296}
}

@article{Fabregas2002,
    title = {{Changes in the cell composition of the marine microalga, Nannochloropsis gaditana, during a light: dark cycle}},
    year = {2002},
    journal = {Biotechnology},
    author = {Fabregas, J and Maseda, Ana and Dom{\'{i}}nguez, A and Ferreira, Martinha},
    number = {Ccmp 527},
    pages = {1699--1703},
    url = {http://www.springerlink.com/index/K17141227M168723.pdf},
    keywords = {biochemical composition, dark cycle, light, nannochloropsis, photobioreactor, semicontinuous culture}
}

@article{Program1984,
    title = {{Aquatic Species Program Review}},
    year = {1984},
    author = {Program, Aquatic Species}
}

@article{Abu-Rezq1999,
    title = {{Optimum production conditions for different high-quality marine algae}},
    year = {1999},
    journal = {Hydrobiologia},
    author = {Abu-Rezq, TS and Al-Musallam, L and Al-Shimmari, J and Dias, Peter},
    number = {1985},
    pages = {97--107},
    url = {http://www.springerlink.com/index/V3486571WN0MM5M3.pdf},
    keywords = {algal growth rate, isochrysis, nannochloropsis, ph, salinity, temperature, tetraselmis}
}

@article{Inouye2010,
    title = {{Response Surface Experimental Designs for Investigating Interspecific Competition Published by : Ecological Society of America RESPONSE SURFACE EXPERIMENTAL DESIGNS FOR}},
    year = {2010},
    journal = {America},
    author = {Inouye, Brian D},
    number = {10},
    pages = {2696--2706},
    volume = {82}
}

@article{Spolaore2006,
    title = {{Optimization of Nannochloropsis oculata growth using the response surface method}},
    year = {2006},
    journal = {Journal of Chemical},
    author = {Spolaore, Pauline and Joannis‐Cassan, C and {E}},
    number = {December 2005},
    pages = {1049--1056},
    volume = {1056},
    url = {http://onlinelibrary.wiley.com/doi/10.1002/jctb.1529/full},
    doi = {10.1002/jctb},
    keywords = {central composite design, microalga, nannochloropsis, optimization}
}

@article{Bartleya,
    title = {{To Detritus You Shall Return {\ldots} Background Info}},
    author = {Bartley, Meridith and Bowers, Jonathan L and Meier, Albert J}
}

@article{Form,
    title = {{APPLICATI ON FORM}},
    author = {Form, Applicati O N}
}

@article{Chisti2007,
    title = {{Biodiesel from microalgae.}},
    year = {2007},
    journal = {Biotechnology advances},
    author = {Chisti, Yusuf},
    number = {3},
    pages = {294--306},
    volume = {25},
    url = {http://www.ncbi.nlm.nih.gov/pubmed/17350212},
    doi = {10.1016/j.biotechadv.2007.02.001},
    issn = {0734-9750},
    pmid = {17350212},
    keywords = {Algae, Algae: metabolism, Biomass, Bioreactors, Conservation of Natural Resources, Energy-Generating Resources, Energy-Generating Resources: economics, Gasoline, Gasoline: economics}
}

@article{Rocha2003,
    title = {{Growth aspects of the marine microalga Nannochloropsis gaditana}},
    year = {2003},
    journal = {Biomolecular Engineering},
    author = {Rocha, J},
    number = {4-6},
    month = {7},
    pages = {237--242},
    volume = {20},
    url = {http://linkinghub.elsevier.com/retrieve/pii/S1389034403000613},
    doi = {10.1016/S1389-0344(03)00061-3},
    issn = {13890344},
    keywords = {culture conditions, microalgae, nannochloropsis}
}

@article{Wawrik2010,
    title = {{Rapid, colorimetric quantification of lipid from algal cultures.}},
    year = {2010},
    journal = {Journal of microbiological methods},
    author = {Wawrik, Boris and Harriman, Brian H},
    number = {3},
    month = {3},
    pages = {262--6},
    volume = {80},
    url = {http://www.ncbi.nlm.nih.gov/pubmed/20093146},
    doi = {10.1016/j.mimet.2010.01.016},
    issn = {1872-8359},
    pmid = {20093146}
}

@article{Belarbi2000,
    title = {{A process for high yield and scaleable recovery of high purity eicosapentaenoic acid esters from microalgae and fish oil.}},
    year = {2000},
    journal = {Enzyme and Microbial Technology},
    author = {Belarbi, Eh and Molina, E and Chisti, Y},
    number = {7},
    pages = {516--529},
    volume = {26},
    url = {http://www.ncbi.nlm.nih.gov/pubmed/10771055},
    issn = {01410229},
    pmid = {10771055},
    keywords = {argentated silica gel column, chromatography, eicosapentaenoic acid, fish oil, microalgae, monodus subterraneus, phaeodactylum tricornutum, polyunsaturated fatty acids}
}

@article{Wang2009,
    title = {{Algal lipid bodies: stress induction, purification, and biochemical characterization in wild-type and starchless Chlamydomonas reinhardtii.}},
    year = {2009},
    journal = {Eukaryotic cell},
    author = {Wang, Zi Teng and Ullrich, Nico and Joo, Sunjoo and Waffenschmidt, Sabine and Goodenough, Ursula},
    number = {12},
    month = {12},
    pages = {1856--68},
    volume = {8},
    url = {http://www.ncbi.nlm.nih.gov/pubmed/19880756},
    doi = {10.1128/EC.00272-09},
    issn = {1535-9786},
    pmid = {19880756},
    keywords = {Algal Proteins, Algal Proteins: metabolism, Cells, Cultured, Chlamydomonas reinhardtii, Chlamydomonas reinhardtii: cytology, Chlamydomonas reinhardtii: metabolism, Chromatography, Gas, Chromatography, Thin Layer, Lipid Metabolism, Lipids, Lipids: isolation {\&} purification, Mass Spectrometry, Microscopy, Fluorescence, Mutation, Mutation: genetics, Nitrogen, Nitrogen: deficiency, Reference Standards, Staining and Labeling, Starch, Starch: metabolism, Stress, Physiological, Triglycerides, Triglycerides: metabolism}
}

@article{Fukuda2001,
    title = {{Biodiesel fuel production by transesterification of oils.}},
    year = {2001},
    journal = {Journal of bioscience and bioengineering},
    author = {Fukuda, H and Kondo, a and Noda, H},
    number = {5},
    month = {1},
    pages = {405--16},
    volume = {92},
    url = {http://www.ncbi.nlm.nih.gov/pubmed/16233120},
    issn = {1389-1723},
    pmid = {16233120},
    keywords = {alternative fuels for diesel, biodiesel fuel, diminishing petroleum reserves and, engines are becoming increas-, exhaust gases from pet-, ingly important due to, lipase, supercritical fluid, the environmental consequences of, transesterification, whole cell biocatalyst}
}

@article{Guschina2006,
    title = {{Lipids and lipid metabolism in eukaryotic algae.}},
    year = {2006},
    journal = {Progress in lipid research},
    author = {Guschina, Irina a and Harwood, John L},
    number = {2},
    month = {3},
    pages = {160--86},
    volume = {45},
    url = {http://www.ncbi.nlm.nih.gov/pubmed/16492482},
    doi = {10.1016/j.plipres.2006.01.001},
    issn = {0163-7827},
    pmid = {16492482},
    keywords = {Adaptation, Physiological, Algae, Algae: metabolism, Animals, Chlamydomonas reinhardtii, Chlamydomonas reinhardtii: metabolism, Environment, Eukaryotic Cells, Eukaryotic Cells: metabolism, Fatty Acids, Unsaturated, Fatty Acids, Unsaturated: biosynthesis, Gene Expression Regulation, Lipid Metabolism, Lipid Metabolism: physiology, Signal Transduction, Signal Transduction: physiology}
}

@article{Rodolfi2009,
    title = {{Microalgae for oil: strain selection, induction of lipid synthesis and outdoor mass cultivation in a low-cost photobioreactor.}},
    year = {2009},
    journal = {Biotechnology and bioengineering},
    author = {Rodolfi, Liliana and Chini Zittelli, Graziella and Bassi, Niccolò and Padovani, Giulia and Biondi, Natascia and Bonini, Gimena and Tredici, Mario R},
    number = {1},
    month = {1},
    pages = {100--12},
    volume = {102},
    url = {http://www.ncbi.nlm.nih.gov/pubmed/18683258},
    doi = {10.1002/bit.22033},
    issn = {1097-0290},
    pmid = {18683258},
    keywords = {Algae, Algae: growth {\&} development, Algae: metabolism, Biomass, Bioreactors, Culture Media, Culture Media: chemistry, Light, Lipids, Lipids: biosynthesis}
}

@article{Brennan2010,
    title = {{Biofuels from microalgae—A review of technologies for production, processing, and extractions of biofuels and co-products}},
    year = {2010},
    journal = {Renewable and Sustainable Energy Reviews},
    author = {Brennan, Liam and Owende, Philip},
    number = {2},
    pages = {557--577},
    volume = {14},
    publisher = {Elsevier Ltd},
    url = {http://linkinghub.elsevier.com/retrieve/pii/S1364032109002408},
    doi = {10.1016/j.rser.2009.10.009},
    issn = {13640321},
    pmid = {15193802}
}

@article{Richmond2001,
    title = {{Optimization of a flat plate glass reactor for mass production of Nannochloropsis sp. outdoors.}},
    year = {2001},
    journal = {Journal of Biotechnology},
    author = {Richmond, A and Cheng-Wu, Z},
    number = {3},
    pages = {259--269},
    volume = {85},
    publisher = {Elsevier},
    url = {http://www.ncbi.nlm.nih.gov/pubmed/11173093},
    institution = {The Microalgal Biotechnology Laboratory, The Albert Katz Department for Dryland Biotechnology, The Jacob Blaustein Institute for Desert Research, Ben-Gurion University of the Negev, Sede-Boker campus 84990, Israel. amosr@bgumail.bgu.ac.il},
    pmid = {11173093},
    keywords = {bioreactors, biotechnology, cell count, eukaryota, eukaryota growth {\&} development, eukaryota metabolism, eukaryota radiation effects, fatty acids, fatty acids metabolism, glass, light, photobiology}
}

@article{Bartley2013,
    title = {{Effects of salinity on growth and lipid accumulation of biofuel microalga Nannochloropsis salina and invading organisms}},
    year = {2013},
    journal = {Biomass and Bioenergy},
    author = {Bartley, Meridith L. and Boeing, Wiebke J. and Corcoran, Alina A. and Holguin, F. Omar and Schaub, Tanner},
    month = {7},
    pages = {83--88},
    volume = {54},
    url = {http://www.sciencedirect.com/science/article/pii/S0961953413001633},
    doi = {10.1016/j.biombioe.2013.03.026},
    issn = {09619534},
    keywords = {Invaders, Invasive organisms, Lipid accumulation, Lipid profile, Micro-algae biodiesel, Salinity}
}

@article{Bartley2013a,
    title = {{pH effects on growth and lipid accumulation of the biofuel microalgae Nannochloropsis salina and invading organisms}},
    year = {2013},
    journal = {Journal of Applied Phycology},
    author = {Bartley, Meridith L. and Boeing, Wiebke J. and Dungan, Barry N. and Holguin, F. Omar and Schaub, Tanner},
    number = {3},
    month = {11},
    pages = {1431--1437},
    volume = {26},
    url = {http://link.springer.com/10.1007/s10811-013-0177-2},
    doi = {10.1007/s10811-013-0177-2},
    issn = {0921-8971}
}

@article{Bartley2015,
    title = {{Optimization of environmental parameters for Nannochloropsis salina growth and lipid content using the response surface method and invading organisms}},
    year = {2015},
    journal = {Journal of Applied Phycology},
    author = {Bartley, Meridith L. and Boeing, Wiebke J. and Daniel, David and Dungan, Barry N. and Schaub, Tanner},
    month = {3},
    url = {http://link.springer.com/10.1007/s10811-015-0567-8},
    doi = {10.1007/s10811-015-0567-8},
    issn = {0921-8971}
}

@article{Fox2011,
    title = {{A sticky HDP-HMM with application to speaker diarization}},
    year = {2011},
    journal = {Annals of Applied Statistics},
    author = {Fox, Emily B. and Sudderth, Erik B. and Jordan, Michael I. and Willsky, Alan S.},
    number = {2 A},
    pages = {1020--1056},
    volume = {5},
    isbn = {1932-6157},
    doi = {10.1214/10-AOAS395},
    issn = {19326157},
    arxivId = {0905.2592},
    keywords = {Bayesian nonparametrics, Hidden markov models, Hierarchical dirichlet processes, Speaker diarization}
}

@article{Chen2014,
    title = {{Highly dynamic animal contact network and implications on disease transmission.}},
    year = {2014},
    journal = {Scientific reports},
    author = {Chen, Shi and White, Brad J and Sanderson, Michael W and Amrine, David E and Ilany, Amiyaal and Lanzas, Cristina},
    pages = {4472},
    volume = {4},
    url = {http://www.pubmedcentral.nih.gov/articlerender.fcgi?artid=3966050&tool=pmcentrez&rendertype=abstract},
    doi = {10.1038/srep04472},
    issn = {2045-2322},
    pmid = {24667241}
}

@article{Schweinberger2007,
    title = {{Markov models for digraph panel data: Monte Carlo-based derivative estimation}},
    year = {2007},
    journal = {Computational Statistics and Data Analysis},
    author = {Schweinberger, Michael and Snijders, T. a B},
    number = {9},
    pages = {4465--4483},
    volume = {51},
    doi = {10.1016/j.csda.2006.07.014},
    issn = {01679473},
    keywords = {Continuous-time Markov process, Control variates, Digraphs, Gradient estimation, Likelihood ratio/score function method, Variance reduction}
}

@article{Mersch2013,
    title = {{Tracking individuals shows spatial fidelity is a key regulator of ant social organization.}},
    year = {2013},
    journal = {Science},
    author = {Mersch, Danielle P and Crespi, Alessandro and Keller, Laurent},
    number = {6136},
    pages = {1090--3},
    volume = {340},
    url = {http://www.ncbi.nlm.nih.gov/pubmed/23599264},
    isbn = {0036-8075},
    doi = {10.1126/science.1234316},
    issn = {1095-9203},
    pmid = {23599264},
    keywords = {Animal, Animals, Ants, Ants: physiology, Behavior, Mass Behavior, Spatial Behavior}
}

@article{Prasanna1982,
    title = {{Состоьниь C Отрицател Ьнои Ёнергиеи Дль Жар Ьженных Частиц В Магннтных По Льх В Пpостранстве-Вре Мени Керра}},
    year = {1982},
    journal = {Il Nuovo Cimento B},
    author = {Prasanna, a. R. and Dadhich, N.},
    number = {1},
    pages = {42--50},
    volume = {72},
    doi = {10.1007/BF02894932},
    issn = {0369-3554}
}

@article{Quevillon,
    title = {{Temporal segregation provides evidence for organizational immunity in a complex society . Abstract :}},
    author = {Quevillon, Lauren E and Hanks, Ephraim M and Bansal, Shweta and David, P},
    pages = {1--30}
}

@article{Snijders2010,
    title = {{Introduction to stochastic actor-based models for network dynamics}},
    year = {2010},
    journal = {Social Networks},
    author = {Snijders, T. a B and van de Bunt, Gerhard G. and Steglich, C. E G},
    number = {1},
    pages = {44--60},
    volume = {32},
    isbn = {0378-8733},
    doi = {10.1016/j.socnet.2009.02.004},
    issn = {03788733},
    keywords = {Agent-based model, Longitudinal, Markov chain, Peer influence, Peer selection, Statistical modeling}
}

@article{Stehle2011,
    title = {{Simulation of an SEIR infectious disease model on the dynamic contact network of conference attendees.}},
    year = {2011},
    journal = {BMC medicine},
    author = {Stehl{\'{e}}, Juliette and Voirin, Nicolas and Barrat, Alain and Cattuto, Ciro and Colizza, Vittoria and Isella, Lorenzo and R{\'{e}}gis, Corinne and Pinton, Jean-François and Khanafer, Nagham and Van den Broeck, Wouter and Vanhems, Philippe},
    number = {1},
    pages = {87},
    volume = {9},
    publisher = {BioMed Central Ltd},
    url = {http://www.biomedcentral.com/1741-7015/9/87},
    isbn = {1741-7015 (Electronic){\textbackslash}r1741-7015 (Linking)},
    doi = {10.1186/1741-7015-9-87},
    issn = {1741-7015},
    pmid = {21771290},
    arxivId = {1108.4841}
}

@article{Teh2006,
    title = {{Hierarchical Dirichlet Processes}},
    year = {2006},
    journal = {Journal of the American Statistical Association},
    author = {Teh, Yee Whye and Jordan, Michael I and Beal, Matthew J and Blei, David M},
    number = {476},
    pages = {1566--1581},
    volume = {101},
    isbn = {0162-1459},
    doi = {10.1198/016214506000000302},
    issn = {0162-1459},
    pmid = {242869700023},
    arxivId = {arXiv:1210.6738v2},
    keywords = {clustering, hierarchical model, markov chain monte carlo, mixture model, nonparametric bayesian statistics}
}

@article{Bartley2009,
    title = {{WHERE DO THEY GO WHEN THEY DIE ?}},
    year = {2009},
    journal = {Science},
    author = {Bartley, Meridith and Advisors, Honors and Meier, Albert J and Meier, Ouida},
    pages = {1--29}
}

@article{Beaumont2010,
    title = {{Approximate Bayesian Computation in Evolution and Ecology}},
    year = {2010},
    journal = {Annual Review of Ecology, Evolution, and Systematics},
    author = {Beaumont, Mark a.},
    number = {1},
    pages = {379--406},
    volume = {41},
    isbn = {1543-592X},
    doi = {10.1146/annurev-ecolsys-102209-144621},
    issn = {1543-592X},
    keywords = {bayesian inference, monte carlo, simulation}
}

@article{Clark2014,
    title = {{More than the sum of the parts: Forest Climate response from join specise distributions}},
    year = {2014},
    journal = {Esa},
    author = {Clark, James S and Gelfand, a.E. and Woodall, C.W. and Zhu, K.},
    number = {5},
    pages = {990--999},
    volume = {24},
    isbn = {1051-0761},
    doi = {10.1890/13-1015.1},
    issn = {10510761},
    pmid = {25154092},
    keywords = {absence, biodiversity, climate change, species abundance, species distributions, species occurrence, species presence, zero inflation}
}

@article{Cleasby2014,
    title = {{Quantifying the predictability of behaviour: Statistical approaches for the study of between-individual variation in the within-individual variance}},
    year = {2014},
    journal = {Methods in Ecology and Evolution},
    author = {Cleasby, I R and Nakagawa, S and Schielzeth, H},
    pages = {n/a-n/a},
    url = {http://doi.wiley.com/10.1111/2041-210X.12281},
    doi = {10.1111/2041-210X.12281},
    issn = {2041210X}
}

@article{Ellison2013,
    title = {{Making AN INTRODUCTION TO BAYESIAN INFERENCE FOR}},
    year = {2013},
    author = {Ellison, Aaron M},
    number = {4},
    pages = {1036--1046},
    volume = {6},
    keywords = {bayesian inference, probability, statistical errors, uncertainty}
}

@article{Miller2011,
    title = {{Improving occupancy estimation when two types of observational error occur: Non-detection and species misidentification}},
    year = {2011},
    journal = {Ecology},
    author = {Miller, David a. and Nichols, James D. and McClintock, Brett T. and Grant, Evan H Campbell and Bailey, Larissa L. and Weir, Linda a.},
    number = {7},
    pages = {1422--1428},
    volume = {92},
    isbn = {0012-9658},
    doi = {10.1890/10-1396.1},
    issn = {00129658},
    pmid = {21870616},
    keywords = {Anuran censuses, Call surveys, False positive detection, Lithobates spp., Misclassification, Misidentification, Multiple states, Presence-absence, Proportion area occupied, Site occupancy, Species occurrence}
}

@article{Dowd2014,
    title = {{Predictive modeling of marine benthic macrofauna and its use to inform spatial monitoring design}},
    year = {2014},
    journal = {Ecological Applications},
    author = {Dowd, Michael and Grant, Jon and Lu, Lin},
    number = {4},
    pages = {862--876},
    volume = {24},
    doi = {10.1890/12-2081.1},
    issn = {10510761},
    pmid = {24988782},
    keywords = {Benthic ecology, Canada, Ecosystem health, Environmental monitoring, Marine benthic macrofauna, Multivariate regression, Nova Scotia, Spatial autocorrelation, Spatial design, St Anns Bay}
}

@article{Gls,
    title = {{Appendix : Multivariate Regression}},
    author = {Gls, M V and Gls, M V and Ols, M V},
    pages = {1--3}
}

@article{Zobitz2011,
    title = {{A primer for data assimilation with ecological models using Markov Chain Monte Carlo (MCMC)}},
    year = {2011},
    journal = {Oecologia},
    author = {Zobitz, J. M. and Desai, a. R. and Moore, D. J P and Chadwick, M. a.},
    number = {3},
    pages = {599--611},
    volume = {167},
    isbn = {0029-8549},
    doi = {10.1007/s00442-011-2107-9},
    issn = {00298549},
    pmid = {21874332},
    keywords = {Aquatic insects, Data assimilation, Ecological models, Markov Chain Monte Carlo, NEE}
}

@article{Peter1990,
    title = {{Monte Carlo Methods and Bayesian Computation : MCMC The Gibbs Sampler 1 Introduction 3 The Metropolis-Hastings Al- gorithm}},
    year = {1990},
    journal = {Convergence},
    author = {Peter, M},
    number = {452},
    pages = {1371},
    volume = {95},
    url = {http://citeseerx.ist.psu.edu/viewdoc/download?doi=10.1.1.117.2828&amp;rep=rep1&amp;type=pdf},
    doi = {10.2307/2669792}
}

@article{Resources2012,
    title = {{true survival rates from mark – recapture studies R eports R eports}},
    year = {2012},
    author = {Resources, Natural and Brunswick, New},
    number = {7},
    pages = {1509--1516},
    volume = {93},
    keywords = {ammodramus maritimus mirabilis, bayesian, cape sable seaside sparrow, demography, dispersal, emigration rates, hierarchical multistate models, juvenile survival}
}

@article{Nakagawa2010,
    title = {{Repeatability for Gaussian and non-Gaussian data: A practical guide for biologists}},
    year = {2010},
    journal = {Biological Reviews},
    author = {Nakagawa, Shinichi and Schielzeth, Holger},
    number = {4},
    pages = {935--956},
    volume = {85},
    isbn = {1464-7931},
    doi = {10.1111/j.1469-185X.2010.00141.x},
    issn = {14647931},
    pmid = {20569253},
    keywords = {Analysis of variance (ANOVA), Confidence intervals, Credibility intervals, Generalised linear mixed-effects model (GLMM), Heritability, Intra-class correlation coefficient (ICC), Markov chain Monte Carlo (MCMC), Restricted maximum likelihood (REML), Statistical significance}
}

@article{Nielsen2005,
    title = {{Genomic scans for selective sweeps using SNP data}},
    year = {2005},
    journal = {Genome Research},
    author = {Nielsen, Rasmus and Williamson, Scott and Kim, Yuseob and Hubisz, Melissa J. and Clark, Andrew G. and Bustamante, Carlos},
    number = {11},
    pages = {1566--1575},
    volume = {15},
    isbn = {1088-9051},
    doi = {10.1101/gr.4252305},
    issn = {10889051},
    pmid = {16251466}
}

@article{Pagel2014,
    title = {{Quantifying range-wide variation in population trends from local abundance surveys and widespread opportunistic occurrence records}},
    year = {2014},
    journal = {Methods in Ecology and Evolution},
    author = {Pagel, Jörn and Anderson, Barbara J. and O'Hara, Robert B. and Cramer, Wolfgang and Fox, Richard and Jeltsch, Florian and Roy, David B. and Thomas, Chris D. and Schurr, Frank M.},
    number = {8},
    pages = {751--760},
    volume = {5},
    isbn = {2041-210X},
    doi = {10.1111/2041-210X.12221},
    issn = {2041210X},
    keywords = {Atlas data, Bayesian statistics, Biogeography, Butterflies, Citizen science programme, Conservation biology, Count data, Macroecology, State-space model}
}

@article{Hughes1999,
    title = {{A non-homogeneous hidden Markov model for precipitation occurrence}},
    year = {1999},
    journal = {Journal of the Royal Statistical Society: Series C (Applied Statistics)},
    author = {Hughes, J. P. and Guttorp, Peter and Charles, S. P.},
    number = {1},
    pages = {15--30},
    volume = {48},
    url = {http://doi.wiley.com/10.1111/1467-9876.00136},
    doi = {10.1111/1467-9876.00136},
    issn = {0035-9254},
    keywords = {climate change, em algorithm, hidden markov model, likelihood, monte carlo maximum, precipitation model}
}

@article{Juang1991,
    title = {{Hidden Markov Models for Speech Recognition}},
    year = {1991},
    journal = {Technometrics},
    author = {Juang, B. H. and Rabiner, L. R.},
    number = {3},
    pages = {251--272},
    volume = {33},
    url = {http://acl.ldc.upenn.edu/J/J93/J93-1016.pdf\nhttp://www.tandfonline.com/doi/abs/10.1080/00401706.1991.10484833},
    doi = {10.1080/00401706.1991.10484833},
    issn = {0040-1706},
    keywords = {baum-welch algorithm, decoding, has come of age, in a practical sense, incomplete data problem, maximum a posteriori, maximum likelihood, numerous speech-recognition, speech recognition by machine}
}

@article{Juang1991a,
    title = {{Hidden Markov Models for Speech Recognition}},
    year = {1991},
    journal = {Technometrics},
    author = {Juang, B. H. and Rabiner, L. R.},
    number = {3},
    pages = {251--272},
    volume = {33},
    url = {http://acl.ldc.upenn.edu/J/J93/J93-1016.pdf\nhttp://www.tandfonline.com/doi/abs/10.1080/00401706.1991.10484833},
    doi = {10.1080/00401706.1991.10484833},
    issn = {0040-1706},
    keywords = {baum-welch algorithm, decoding, has come of age, in a practical sense, incomplete data problem, maximum a posteriori, maximum likelihood, numerous speech-recognition, speech recognition by machine}
}

@article{Schliep2013,
    title = {{SPATIAL PROBIT MODELS FOR MULTIVARIATE ORDINAL DATA : Submitted by}},
    year = {2013},
    author = {Schliep, Erin M and Cooley, Daniel}
}

@article{Hanks2013,
    title = {{Statistical models for animal movement and landscape connectivity}},
    year = {2013},
    author = {Hanks, Ephraim M},
    pages = {118}
}

@article{Ryden2008,
    title = {{Em versus Markov chain monte carlo for estimation of hidden Markov models: A computational perspective}},
    year = {2008},
    journal = {Bayesian Analysis},
    author = {Ryd{\'{e}}n, Tobias},
    number = {4},
    pages = {659--688},
    volume = {3},
    doi = {10.1214/08-BA326},
    issn = {19360975},
    keywords = {Computational statistics, Em, Hidden Markov model, Incomplete data, Markov chain Monte Carlo, Missing data, Trans-dimensional Monte Carlo}
}

@book{Zucchini2009a,
    title = {{Hidden Markov Models for Time Series}},
    year = {2009},
    booktitle = {CRC Press},
    author = {Zucchini, Walter and MacDonald, Iain},
    pages = {278},
    volume = {110},
    url = {http://www.crcnetbase.com/doi/book/10.1201/9781420010893},
    isbn = {978-1-58488-573-3},
    doi = {10.1201/9781420010893}
}

@article{Zhang2014,
    title = {{Confidence intervals for low dimensional parameters in high dimensional linear models}},
    year = {2014},
    journal = {Journal of the Royal Statistical Society: Series B (Statistical Methodology)},
    author = {Zhang, Cun-Hui and Zhang, Stephanie S.},
    number = {1},
    month = {1},
    pages = {217--242},
    volume = {76},
    url = {http://doi.wiley.com/10.1111/rssb.12026},
    doi = {10.1111/rssb.12026},
    issn = {13697412}
}

@article{Quevillon2015,
    title = {{Social, spatial, and temporal organization in a complex insect society}},
    year = {2015},
    journal = {Scientific Reports},
    author = {Quevillon, Lauren E. and Hanks, Ephraim M. and Bansal, Shweta and Hughes, David P.},
    pages = {13393},
    volume = {5},
    publisher = {Nature Publishing Group},
    url = {http://www.nature.com/doifinder/10.1038/srep13393},
    doi = {10.1038/srep13393},
    issn = {2045-2322}
}

@article{Langrock2012,
    title = {{Flexible and practical modeling of animal telemetry data: hidden Markov models and extensions.}},
    year = {2012},
    journal = {Ecology},
    author = {Langrock, Roland and King, Ruth and Matthiopoulos, Jason and Thomas, Len and Fortin, Daniel and Morales, Juan M},
    number = {11},
    pages = {2336--42},
    volume = {93},
    url = {http://www.ncbi.nlm.nih.gov/pubmed/23236905},
    isbn = {0012-9658},
    doi = {10.1890/11-2241.1},
    issn = {0012-9658},
    pmid = {23236905},
    keywords = {Animals, Biological, Bison, Ecosystem, Environmental Monitoring, Environmental Monitoring: methods, Markov Chains, Models, Saskatchewan, Telemetry, Telemetry: methods}
}

@article{Albert1993,
    title = {{Bayesian analysis of binary and polychotomous response data}},
    year = {1993},
    journal = {Journal of the American Statistical Association},
    author = {Albert, J H and Chib, Siddhartha},
    number = {422},
    pages = {669--679},
    volume = {88},
    url = {http://www.jstor.org/stable/2290350},
    doi = {10.2307/2290350},
    issn = {0162-1459}
}

@article{Fan2009,
    title = {{Learning continuous-time social network dynamics (重重点)}},
    year = {2009},
    journal = {Proceedings of the Twenty-Fifth Conference on Uncertainty in Artificial Intelligence},
    author = {Fan, Yu and Shelton, Christian R},
    number = {2005},
    pages = {161--168},
    arxivId = {1205.2648}
}

@article{PATTERSON2008,
    title = {{State–space models of individual animal movement}},
    year = {2008},
    journal = {Trends in Ecology {\&} Evolution},
    author = {PATTERSON, T and THOMAS, L and WILCOX, C and OVASKAINEN, O and MATTHIOPOULOS, J},
    number = {2},
    pages = {87--94},
    volume = {23},
    url = {http://linkinghub.elsevier.com/retrieve/pii/S0169534707003588},
    doi = {10.1016/j.tree.2007.10.009},
    issn = {01695347}
}

@article{Snijders2005,
    title = {{Models for Longitudinal Network Data}},
    year = {2005},
    journal = {Models and methods in social network analysis},
    author = {Snijders, Tom a B},
    number = {2005},
    pages = {215--247},
    volume = {11},
    isbn = {9780521809597}
}

@article{Holmes2006,
    title = {{Bayesian auxiliary variable models for binary and multinomial regression}},
    year = {2006},
    journal = {Bayesian Analysis},
    author = {Holmes, Chris C. and Held, Leonhard},
    number = {1 A},
    pages = {145--168},
    volume = {1},
    isbn = {{\%}( {\%}) {\%}* {\%}L {\%}M},
    doi = {10.1214/06-BA105},
    issn = {19360975},
    keywords = {Auxiliary variables, Bayesian binary and multinomial regression, Markov chain Monte Carlo, Model averaging, Scale mixture of normals, Variable selection}
}

@article{Bartley,
    title = {{EEID Ant Grant}},
    author = {Bartley, Meridith}
}

@article{Rao2011,
    title = {{Fast MCMC sampling for Markov jump processes and continuous time Bayesian networks}},
    year = {2011},
    journal = {The Journal of Machine Learning {\ldots}},
    author = {Rao, Vinayak and Teh, Yee Whye},
    pages = {3295--3320},
    volume = {14},
    url = {http://eprints.pascal-network.org/archive/00009397/},
    isbn = {978-0-9749039-7-2},
    issn = {15324435},
    arxivId = {1202.3760},
    keywords = {Computational, Information-Theoretic Learning with Statistics, Learning/Statistics {\&} Optimisation}
}

@article{Macdonald1995,
    title = {{Hidden Markov Models and Animal Behaviour}},
    year = {1995},
    journal = {Biometrical Journal},
    author = {Macdonald, Iain L. and Raubenheimer, David},
    number = {6},
    pages = {701--712},
    volume = {37},
    url = {http://doi.wiley.com/10.1002/bimj.4710370606},
    doi = {10.1002/bimj.4710370606},
    issn = {03233847}
}

@article{Zucchini2008,
    title = {{Modeling Time Series of Animal Behavior by Means of a Latent-State Model with Feedback}},
    year = {2008},
    journal = {Biometrics},
    author = {Zucchini, Walter and Raubenheimer, David and MacDonald, Iain L.},
    number = {3},
    month = {9},
    pages = {807--815},
    volume = {64},
    url = {http://doi.wiley.com/10.1111/j.1541-0420.2007.00939.x},
    doi = {10.1111/j.1541-0420.2007.00939.x},
    issn = {0006341X}
}

@article{Madsen2014a,
    title = {{Probabilistic Forecasts of Solar Irradiance by Stochastic Differential Equations}},
    year = {2014},
    journal = {Environmetrics},
    author = {Madsen, Henrik and Iversen, Emil Banning and Morales, J.M. and M{\o}ller, J.K.},
    pages = {1--9},
    volume = {In Press?},
    doi = {10.1002/env.XXXX},
    issn = {1099095X},
    arxivId = {arXiv:1405.1976v1},
    keywords = {bayesian analysis, density estimation, spatial point pattern data, strauss process}
}

@article{Turek2016,
    title = {{Efficient Markov chain Monte Carlo sampling for hierarchical hidden Markov models}},
    year = {2016},
    journal = {Environmental and Ecological Statistics},
    author = {Turek, Daniel and de Valpine, Perry and Paciorek, Christopher J.},
    number = {4},
    month = {12},
    pages = {549--564},
    volume = {23},
    publisher = {Springer US},
    url = {http://link.springer.com/10.1007/s10651-016-0353-z},
    doi = {10.1007/s10651-016-0353-z},
    issn = {1352-8505}
}

@article{DeRuiter2017,
    title = {{A multivariate mixed hidden Markov model for blue whale behaviour and responses to sound exposure}},
    year = {2017},
    journal = {The Annals of Applied Statistics},
    author = {DeRuiter, Stacy L. and Langrock, Roland and Skirbutas, Tomas and Goldbogen, Jeremy A. and Calambokidis, John and Friedlaender, Ari S. and Southall, Brandon L.},
    number = {1},
    month = {3},
    pages = {362--392},
    volume = {11},
    publisher = {Institute of Mathematical Statistics},
    url = {http://projecteuclid.org/euclid.aoas/1491616885},
    doi = {10.1214/16-AOAS1008},
    issn = {1932-6157},
    keywords = {Forward algorithm, blue whales, hidden Markov model, multivariate time series, numerical maximum likelihood, random effects}
}

@article{Bulla2012,
    title = {{A Multivariate Hidden Markov Model for the Identification of Sea Regimes from Incomplete Skewed and Circular Time Series}},
    year = {2012},
    journal = {Journal of Agricultural, Biological, and Environmental Statistics},
    author = {Bulla, J. and Lagona, F. and Maruotti, A. and Picone, M.},
    number = {4},
    month = {12},
    pages = {544--567},
    volume = {17},
    url = {http://link.springer.com/10.1007/s13253-012-0110-1},
    doi = {10.1007/s13253-012-0110-1},
    issn = {1085-7117}
}

@article{VanDyk2001,
    title = {{The Art of Data Augmentation}},
    year = {2001},
    journal = {Journal of Computational and Graphical Statistics},
    author = {van Dyk, David a and Meng, Xiao-Li},
    number = {1},
    pages = {1--50},
    volume = {10},
    isbn = {1061-8600},
    doi = {10.1198/10618600152418584},
    issn = {1061-8600},
    keywords = {auxiliary variables, conditionalaugmentation, em algorithm, gibbs sampler, haar measure, hierarchical models, marginal augmentation, markov chain monte carlo, mixed-effects models, nonpositive recurrent markov chain, posterior distributions, probit, rate of convergence, regression}
}

@article{Langrock2014,
    title = {{Modeling the Diving Behavior of Whales: A Latent-Variable Approach with Feedback and Semi-Markovian Components}},
    year = {2014},
    journal = {Journal of Agricultural, Biological, and Environmental Statistics},
    author = {Langrock, Roland and Marques, Tiago A. and Baird, Robin W. and Thomas, Len},
    number = {1},
    pages = {82--100},
    volume = {19},
    doi = {10.1007/s13253-013-0158-6},
    issn = {10857117},
    keywords = {Behavioral state, Distance sampling, Hidden Markov model, Maximum likelihood, Movement model}
}

@article{Tanner1987,
    title = {{The Calculation of Posterior Distributions by Data Augmentation: Rejoinder}},
    year = {1987},
    journal = {Journal of the American Statistical Association},
    author = {Tanner, Martin A. and Wong, Wing Hung},
    number = {398},
    pages = {548--550},
    volume = {82},
    isbn = {0162-1459},
    doi = {10.2307/2289463},
    issn = {01621459}
}

@article{La,
    title = {{Grant - General Information}},
    author = {La, Pertenecientes A and Guerra, Flota D E and Durante, D E Abaddon and Guerra, L A and Impactos, Tipo},
    pages = {114--126}
}

@article{Leos-Barajas2017,
    title = {{Multi-scale Modeling of Animal Movement and General Behavior Data Using Hidden Markov Models with Hierarchical Structures}},
    year = {2017},
    journal = {Journal of Agricultural, Biological, and Environmental Statistics},
    author = {Leos-Barajas, Vianey and Gangloff, Eric J. and Adam, Timo and Langrock, Roland and van Beest, Floris M. and Nabe-Nielsen, Jacob and Morales, Juan M.},
    number = {3},
    pages = {232--248},
    volume = {22},
    publisher = {Springer US},
    doi = {10.1007/s13253-017-0282-9},
    issn = {15372693},
    arxivId = {1702.03597},
    keywords = {Animal behavior, Bio-logging, Experimental design, Latent process, State-switching model, Temporal resolution}
}

@article{Richardson2017,
    title = {{Short-term activity cycles impede information transmission in ant colonies}},
    year = {2017},
    journal = {PLoS Computational Biology},
    author = {Richardson, Thomas O. and Liechti, Jonas I. and Stroeymeyt, Nathalie and Bonhoeffer, Sebastian and Keller, Laurent},
    number = {5},
    pages = {1--17},
    volume = {13},
    isbn = {1111111111},
    doi = {10.1371/journal.pcbi.1005527},
    issn = {15537358},
    pmid = {28489896}
}

@article{Gernat2017,
    title = {{Automated monitoring of behavior reveals bursty interaction patterns and rapid spreading dynamics in honeybee social networks}},
    year = {2017},
    author = {Gernat, Tim and Rao, Vikyath D and Middendorf, Martin and Dankowicz, Harry and Goldenfeld, Nigel and Robinson, Gene E and Holme, Petter and Naug, Dhruba and Sokolowski, Marla B},
    pages = {1--6},
    url = {http://www.pnas.org/content/pnas/early/2018/01/26/1713568115.full.pdf},
    doi = {10.1073/pnas.1713568115},
    issn = {0027-8424},
    pmid = {29378954}
}

@article{Pohle2017,
    title = {{Selecting the Number of States in Hidden Markov Models: Pragmatic Solutions Illustrated Using Animal Movement}},
    year = {2017},
    journal = {Journal of Agricultural, Biological, and Environmental Statistics},
    author = {Pohle, Jennifer and Langrock, Roland and van Beest, Floris M. and Schmidt, Niels Martin},
    number = {3},
    pages = {270--293},
    volume = {22},
    publisher = {Springer US},
    doi = {10.1007/s13253-017-0283-8},
    issn = {15372693},
    arxivId = {1701.08673},
    keywords = {Animal movement, Information criteria, Selection bias, Unsupervised learning}
}

@article{Leos-Barajas2017a,
    title = {{Analysis of animal accelerometer data using hidden Markov models}},
    year = {2017},
    journal = {Methods in Ecology and Evolution},
    author = {Leos-Barajas, Vianey and Photopoulou, Theoni and Langrock, Roland and Patterson, Toby A. and Watanabe, Yuuki Y. and Murgatroyd, Megan and Papastamatiou, Yannis P.},
    number = {2},
    pages = {161--173},
    volume = {8},
    isbn = {2041-210X},
    doi = {10.1111/2041-210X.12657},
    issn = {2041210X},
    arxivId = {1602.06466},
    keywords = {activity recognition, animal behaviour, latent states, serial correlation, time series}
}

@article{Hart2010,
    title = {{Behavioural switching in a central place forager: Patterns of diving behaviour in the macaroni penguin (Eudyptes chrysolophus)}},
    year = {2010},
    journal = {Marine Biology},
    author = {Hart, Tom and Mann, Richard and Coulson, Tim and Pettorelli, Nathalie and Trathan, Phil},
    number = {7},
    pages = {1543--1553},
    volume = {157},
    isbn = {0025-3162},
    doi = {10.1007/s00227-010-1428-2},
    issn = {00253162}
}

@article{Schliehe-Diecks2012,
    title = {{On the application of mixed hidden Markov models to multiple behavioural time series}},
    year = {2012},
    journal = {Interface Focus},
    author = {Schliehe-Diecks, S. and Kappeler, P. M. and Langrock, R.},
    number = {2},
    pages = {180--189},
    volume = {2},
    url = {http://rsfs.royalsocietypublishing.org/cgi/doi/10.1098/rsfs.2011.0077},
    isbn = {2042-8898},
    doi = {10.1098/rsfs.2011.0077},
    issn = {2042-8898},
    pmid = {23565332},
    keywords = {behavioural analysis, maximum likelihood, motivational states, random effects, state-space model, subject-specific covariate}
}

@article{DeRuiter2016,
    title = {{A multivariate mixed hidden Markov model to analyze blue whale diving behaviour during controlled sound exposures}},
    year = {2016},
    author = {DeRuiter, Stacy L and Langrock, Roland and Skirbutas, Tomas and Goldbogen, Jeremy A and Chalambokidis, John and Friedlaender, Ari S and Southall, Brandon L},
    pages = {1--26},
    url = {http://arxiv.org/abs/1602.06570},
    isbn = {0824-0469},
    doi = {10.1214/16-AOAS1008},
    issn = {1932-6157},
    arxivId = {1602.06570},
    keywords = {blue whales, effects, forward algorithm, multivariate time series, numerical maximum likelihood, random}
}

@article{Filstrup2014,
    title = {{Regional variability among nonlinear chlorophyll-phosphorus relationships in lakes}},
    year = {2014},
    journal = {Limnology and Oceanography},
    author = {Filstrup, Christopher T. and Wagner, Tyler and Soranno, Patricia A. and Stanley, Emily H. and Stow, Craig A. and Webster, Katherine E. and Downing, John A.},
    number = {5},
    pages = {1691--1703},
    volume = {59},
    url = {http://doi.wiley.com/10.4319/lo.2014.59.5.1691},
    isbn = {0024-3590},
    doi = {10.4319/lo.2014.59.5.1691},
    issn = {00243590}
}

@article{Hanks2016,
    title = {{Latent spatial models and sampling design for landscape genetics}},
    year = {2016},
    journal = {Annals of Applied Statistics},
    author = {Hanks, Ephraim M. and Hooten, Mevin B. and Knick, Steven T. and Oyler-McCance, Sara J. and Fike, Jennifer A. and Cross, Todd B. and Schwartz, Michael K.},
    number = {2},
    pages = {1041--1062},
    volume = {10},
    isbn = {9788578110796},
    doi = {10.1214/16-AOAS929},
    issn = {19417330},
    pmid = {25246403},
    arxivId = {arXiv:1011.1669v3},
    keywords = {Landscape genetics, Optimal sampling, Sage grouse}
}

@article{Soranno2017,
    title = {{LAGOS-NE: A multi-scaled geospatial and temporal database of lake ecological context and water quality for thousands of U.S. lakes}},
    year = {2017},
    journal = {GigaScience},
    author = {Soranno, Patricia A. and Bacon, Linda C. and Beauchene, Michael and Bednar, Karen E. and Bissell, Edward G. and Boudreau, Claire K. and Boyer, Marvin G. and Bremigan, Mary T. and Carpenter, Stephen R. and Carr, Jamie W. and Cheruvelil, Kendra S. and Christel, Samuel T. and Claucherty, Matt and Collins, Sarah M. and Conroy, Joseph D. and Downing, John A. and Dukett, Jed and Fergus, C. Emi and Filstrup, Christopher T. and Funk, Clara and Gonzalez, Maria J. and Green, Linda T. and Gries, Corinna and Halfman, John D. and Hamilton, Stephen K. and Hanson, Paul C. and Henry, Emily N. and Herron, Elizabeth M. and Hockings, Celeste and Jackson, James R. and Jacobson-Hedin, Kari and Janus, Lorraine L. and Jones, William W. and Jones, John R. and Keson, Caroline M. and King, Katelyn B.S. and Kishbaugh, Scott A. and Lapierre, Jean-Francois and Lathrop, Barbara and Latimore, Jo A. and Lee, Yuehlin and Lottig, Noah R. and Lynch, Jason A. and Matthews, Leslie J. and McDowell, William H. and Moore, Karen E.B. and Neff, Brian P. and Nelson, Sarah J. and Oliver, Samantha K. and Pace, Michael L. and Pierson, Donald C. and Poisson, Autumn C. and Pollard, Amina I. and Post, David M. and Reyes, Paul O. and Rosenberry, Donald O. and Roy, Karen M. and Rudstam, Lars G. and Sarnelle, Orlando and Schuldt, Nancy J. and Scott, Caren E. and Skaff, Nicholas K. and Smith, Nicole J. and Spinelli, Nick R. and Stachelek, Joseph J. and Stanley, Emily H. and Stoddard, John L. and Stopyak, Scott B. and Stow, Craig A. and Tallant, Jason M. and Tan, Pang-Ning and Thorpe, Anthony P. and Vanni, Michael J. and Wagner, Tyler and Watkins, Gretchen and Weathers, Kathleen C. and Webster, Katherine E. and White, Jeffrey D. and Wilmes, Marcy K. and Yuan, Shuai},
    number = {March},
    pages = {1--22},
    url = {http://academic.oup.com/gigascience/article/doi/10.1093/gigascience/gix101/4555226},
    doi = {10.1093/gigascience/gix101},
    issn = {2047-217X},
    pmid = {29053868}
}

@article{Zimmerman2006,
    title = {{Optimal network design for spatial prediction, covariance parameter estimation, and empirical prediction}},
    year = {2006},
    journal = {Environmetrics},
    author = {Zimmerman, Dale L.},
    number = {6},
    pages = {635--652},
    volume = {17},
    doi = {10.1002/env.769},
    issn = {11804009},
    keywords = {Geostatistics, Kriging, Network design, Optimal design, Parameter estimation, Spatial prediction}
}

@article{Quick2017a,
    title = {{Hidden Markov models reveal complexity in the diving behaviour of short-finned pilot whales}},
    year = {2017},
    journal = {Scientific Reports},
    author = {Quick, Nicola J. and Isojunno, Saana and Sadykova, DIna and Bowers, Matthew and Nowacek, Douglas P. and Read, Andrew J.},
    volume = {7},
    doi = {10.1038/srep45765},
    issn = {20452322}
}

@article{McKellar2015,
    title = {{Using mixed hidden Markov models to examine behavioral states in a cooperatively breeding bird}},
    year = {2015},
    journal = {Behavioral Ecology},
    author = {McKellar, Ann E. and Langrock, Roland and Walters, Jeffrey R. and Kesler, Dylan C.},
    number = {1},
    volume = {26},
    isbn = {1045-2249},
    doi = {10.1093/beheco/aru171},
    issn = {14657279}
}

@article{Albertsen2015,
    title = {{Fast fitting of non-Gaussian state-space models to animal movement data via Template Model Builder}},
    year = {2015},
    journal = {Ecology},
    author = {Albertsen, Christoffer Moesgaard and Whoriskey, Kim and Yurkowski, David and Nielsen, Anders and Flemming, Joanna Mills},
    number = {10},
    volume = {96},
    isbn = {0012-9658},
    doi = {10.1890/14-2101.1},
    issn = {00129658},
    pmid = {26649381}
}

@article{Quick2017,
    title = {{Hidden Markov models reveal complexity in the diving behaviour of short-finned pilot whales}},
    year = {2017},
    journal = {Scientific Reports},
    author = {Quick, Nicola J. and Isojunno, Saana and Sadykova, DIna and Bowers, Matthew and Nowacek, Douglas P. and Read, Andrew J.},
    doi = {10.1038/srep45765},
    issn = {20452322}
}

@article{Oliver2016,
    title = {{Prediction of lake depth across a 17-state region in the United States}},
    year = {2016},
    journal = {Inland Waters},
    author = {Oliver, Samantha K. and Soranno, Patricia A. and Emi Fergus, C. and Wagner, Tyler and Winslow, Luke A. and Scott, Caren E. and Webster, Katherine E. and Downing, John A. and Stanley, Emily H.},
    number = {3},
    pages = {314--324},
    volume = {6},
    isbn = {2044-2041},
    doi = {10.5268/IW-6.3.957},
    issn = {2044205X},
    keywords = {Lake depth, Mixed model, Morphology, Regional scale, Topography}
}

@article{Naug2002,
    title = {{The role of colony organization on pathogen transmission in social insects}},
    year = {2002},
    journal = {Journal of Theoretical Biology},
    author = {Naug, Dhruba and Camazine, Scott},
    number = {4},
    pages = {427--439},
    volume = {215},
    isbn = {0022-5193},
    doi = {10.1006/jtbi.2001.2524},
    issn = {00225193},
    pmid = {12069487}
}

@article{Fewell2013,
    title = {{References and Notes}},
    year = {2013},
    journal = {The Hunt for the Parathyroids},
    author = {Fewell, Jennifer H},
    number = {September},
    pages = {132--143},
    volume = {301},
    url = {http://doi.wiley.com/10.1002/9781118343371.refs},
    isbn = {3120080001005},
    doi = {10.1002/9781118343371.refs},
    issn = {0036-8075},
    pmid = {19628857},
    arxivId = {arXiv:1308.5367}
}

@article{Johnson2016,
    title = {{Multivariate state hidden Markov models for mark-recapture data}},
    year = {2016},
    journal = {Statistical Science},
    author = {Johnson, Devin S and Laake, Je L and Melin, Sharon R and DeLong, Robert L},
    number = {1958},
    pages = {233--244},
    volume = {31},
    doi = {10.1214/15-STS542},
    issn = {08834237},
    keywords = {and phrases, capture-recapture, cormack-jolly-seber, den markov model, hid-, multivariate, partial observation, state uncertainty}
}

@article{Gimenez2014,
    title = {{Fitting occupancy models with E-SURGE: Hidden Markov modelling of presence-absence data}},
    year = {2014},
    journal = {Methods in Ecology and Evolution},
    author = {Gimenez, Olivier and Blanc, Laetitia and Besnard, Aur??lien and Pradel, Roger and Doherty, Paul F. and Marboutin, Eric and Choquet, R??mi},
    number = {6},
    pages = {592--597},
    volume = {5},
    isbn = {2255782855},
    doi = {10.1111/2041-210X.12191},
    issn = {2041210X},
    pmid = {24949238},
    arxivId = {10.7287/peerj.preprints.270v1},
    keywords = {Capture-recapture, Detectability, Detection-non-detection, E-SURGE, Hidden Markov models, Presence-absence, Species occurrence}
}

@article{Borchers2013,
    title = {{Using Hidden Markov Models to Deal with Availability Bias on Line Transect Surveys}},
    year = {2013},
    journal = {Biometrics},
    author = {Borchers, D. L. and Zucchini, W. and Heide-J{\o}rgensen, M. P. and Ca{\~{n}}adas, A. and Langrock, R.},
    number = {3},
    pages = {703--713},
    volume = {69},
    doi = {10.1111/biom.12049},
    issn = {15410420},
    pmid = {23848543},
    keywords = {Availability bias, Detection hazard, Hidden Markov model, Line transect, Wildlife survey}
}

@article{VandeKerk2015,
    title = {{Hidden semi-Markov models reveal multiphasic movement of the endangered Florida panther}},
    year = {2015},
    journal = {Journal of Animal Ecology},
    author = {van de Kerk, Madelon and Onorato, David P. and Criffield, Marc A. and Bolker, Benjamin M. and Augustine, Ben C. and Mckinley, Scott A. and Oli, Madan K.},
    number = {2},
    pages = {576--585},
    volume = {84},
    isbn = {1365-2656},
    doi = {10.1111/1365-2656.12290},
    issn = {13652656},
    pmid = {25251870},
    keywords = {Dwell time distribution, Hidden semi-Markov models, Movement patterns, Multiphasic animal movement, Puma concolor coryi, Viterbi algorithm}
}

@article{Towner2016,
    title = {{Sex-specific and individual preferences for hunting strategies in white sharks}},
    year = {2016},
    journal = {Functional Ecology},
    author = {Towner, Alison V. and Leos-Barajas, Vianey and Langrock, Roland and Schick, Robert S. and Smale, Malcolm J. and Kaschke, Tami and Jewell, Oliver J.D. and Papastamatiou, Yannis P.},
    number = {8},
    pages = {1397--1407},
    volume = {30},
    isbn = {1365-2435},
    doi = {10.1111/1365-2435.12613},
    issn = {13652435},
    keywords = {acoustic telemetry, fine-scale movement, foraging mode, hidden Markov Model, predator–prey}
}

@article{Patterson2017,
    title = {{Statistical modelling of individual animal movement: an overview of key methods and a discussion of practical challenges}},
    year = {2017},
    journal = {AStA Advances in Statistical Analysis},
    author = {Patterson, Toby A. and Parton, Alison and Langrock, Roland and Blackwell, Paul G. and Thomas, Len and King, Ruth},
    number = {4},
    pages = {399--438},
    volume = {101},
    doi = {10.1007/s10182-017-0302-7},
    issn = {18638171},
    arxivId = {1603.07511},
    keywords = {Hidden Markov model, Measurement error, Ornstein–Uhlenbeck process, State-space model, Stochastic differential equation, Time series}
}

@article{Shaby2010,
    title = {{Exploring an adaptive Metropolis algorithm}},
    year = {2010},
    journal = {Currently under review},
    author = {Shaby, Benjamin and Wells, Mt},
    pages = {1--31},
    url = {ftp://stat.duke.edu/pub/WorkingPapers/11-14.pdf},
    doi = {10.1080/0094965YYxxxxxxxx},
    issn = {0094-9655},
    keywords = {62p30, 65c20, 65c60, 68u20, ams subject classification, average run length, average time to signal, equation, integral, markov chain, statistical process control}
}

@article{Wood2001,
    title = {{mgcv: GAMs and generalized ridge regression for R}},
    year = {2001},
    journal = {R News},
    author = {Wood, Simon N.},
    isbn = {0470845139},
    doi = {10.1159/000323281},
    issn = {1662-4025},
    pmid = {21196786},
    keywords = {GAM generalized additive models, R statistics package, non-parametric, software reference, statistical methods}
}

@article{RCoreTeam2016,
    title = {{R Core Team (2016). R: A language and environment for statistical computing.}},
    year = {2016},
    journal = {R Foundation for Statistical Computing, Vienna, Austria. URL http://www.R-project.org/.},
    author = {{R Core Team}}
}

@article{Farine2016,
    title = {{Both nearest neighbours and long-term affiliates predict individual locations during collective movement in wild baboons}},
    year = {2016},
    journal = {Scientific Reports},
    author = {Farine, Damien R. and Strandburg-Peshkin, Ariana and Berger-Wolf, Tanya and Ziebart, Brian and Brugere, Ivan and Li, Jia and Crofoot, Margaret C.},
    doi = {10.1038/srep27704},
    issn = {20452322},
    pmid = {27292778}
}

@article{Blei2017,
    title = {{Variational Inference: A Review for Statisticians}},
    year = {2017},
    journal = {Journal of the American Statistical Association},
    author = {Blei, David M. and Kucukelbir, Alp and McAuliffe, Jon D.},
    number = {518},
    pages = {859--877},
    volume = {112},
    publisher = {Taylor {\&} Francis},
    url = {https://doi.org/10.1080/01621459.2017.1285773},
    isbn = {1601.00670},
    doi = {10.1080/01621459.2017.1285773},
    issn = {1537274X},
    pmid = {303902},
    arxivId = {1601.00670},
    keywords = {Algorithms, Computationally intensive methods, Statistical computing}
}

@article{1998NoTitle,
    title = {{No Title}},
    year = {1998},
    journal = {Federal Register},
    volume = {267}
}

@article{2006PhytoplanktonS,
    title = {{Phytoplankton dynamics at the land-sea interface: effects of urban runoff in santa monica bay, california s}},
    year = {2006},
    journal = {Growth (Lakeland)}
}

@article{2008ProvidesIt,
    title = {{provides valuable information, it}},
    year = {2008},
    journal = {Current},
    number = {2000}
}

@article{2006OpenMicroalgae,
    title = {{Open Archive Toulouse Archive Ouverte ( OATAO ) Commercial Applications of Microalgae}},
    year = {2006},
    journal = {BioScience},
    pages = {201--211},
    volume = {101}
}

@article{2016Nsf1638679,
    title = {{Nsf 1638679}},
    year = {2016},
    pages = {1--21}
}